% This file was created with JabRef 2.10.
% Encoding: ISO8859_1

%introduction
@Online{krueger-heike:2013:serious-game,
    author       = {Krüger-Brand and Heike E.},
    title        = {Serious Games: Spiel dich gesund},
    howpublished = {Webseite},
    month        = {4},
    year         = {2013},
    url          = {https://www.aerzteblatt.de/archiv/134181/Serious-Games-Spiel-dich-gesund},
    urldate      = {2019-07-11}
}

@Online{smartphone_user:2019:austria,
    title   = {Anteil der Smartphone-Besitzer sowie Nutzung von Mobile Commerce in Österreich von 2013 bis 2019},
    url     = {https://de.statista.com/statistik/daten/studie/568185/umfrage/smartphone-besitz-und-smartphone-nutzung-in-oesterreich/},
    urldate = {2020-04-12}
}


% stroke
@BOOK{haring:2014:insult,
    author    = {Haring, Hans-Peter and Hamberger, Martin},
    title     = {Schlaganfall – jede Minute zählt},
    publisher = {MedMedia Verlag und Mediaservice Ges.m.b.H},
    year      = {2014},
    edition   = {1}, 
    isbn      = {978-3-950-14466-6},
    url       = {https://www.sozialversicherung.at/cdscontent/load?contentid=10008.625329},
    urldate = {2019-06-30}
}

@Online{health:2019:stroke_rehab,
    title   = {Schlaganfall: Rehabilitation},
    url     = {https://www.gesundheit.gv.at/krankheiten/gehirn-nerven/schlaganfall/rehabilitation},
    urldate = {2019-08-18},
}

@BOOK{atlas:2004:mackay,
    author    = {Mackay, Judith and Mensah, George},
    title     = {The atlas of heart disease and stroke},
    publisher = {World Health Organization},
    year      = {2004},
    url       = {https://apps.who.int/iris/handle/10665/43007},
    urldate   = {2019-09-15}
}

@BOOK{world:2005:avoiding,
    title={Avoiding heart attacks and strokes: don't be a victim-protect yourself},
    author={World Health Organization},
    year={2005},
    publisher={World Health Organization}
}

@Online{hopkins:2019:stroke_effects,
    title   = {Effects of Stroke},
    url     = {https://www.hopkinsmedicine.org/health/conditions-and-diseases/stroke/effects-of-stroke},
    urldate = {2019-09-12}
}

@Online{stroke:2019:consequences,
    title   = {Mögliche Folgen eines Schlaganfalls},
    url     = {https://www.schlaganfall-hilfe.de/de/verstehen-vermeiden/folgen-eines-schlaganfalls/allgemein/},
    urldate = {2019-09-12}
}

% serious games
@Online{reuters:2018:gaming,
    title   = {Investing in the Soaring Popularity of Gaming},
    author  = {OppenheimerFunds},
    url     = {https://www.reuters.com/sponsored/article/popularity-of-gaming},
    urldate = {2019-08-18},
    year    = {2018}
}

@BOOK{c_abt:1987:serious_games,
    title     = {Serious Games},
    author    = {Abt, Clark C.},
    publisher = {University Press of America},
    year      = {1987},
}

@article{breuer_bente:2010:why_so_serious,
    title   = {Why so serious? On the Relation of Serious Games and Learning},
    author  = {Breuer, Johannes and Bente, Gary},
    year    = {2010},
    month   = {06},
    volume  = {4},
    journal = {Eludamos. Journal for Computer Game Culture},
    url     = {https://www.eludamos.org/index.php/eludamos/article/view/vol4no1-2/150},
    urldate = {2019-09-2}
}

@article{serious_games:2007:an_overview,
    author  = {Susi, Tarja and Johannesson, Mikael and Backlund, Per},
    year    = {2015},
    month   = {11},
    title   = {Serious Games - An Overview},
    url     = {https://www.researchgate.net/publication/220017759_Serious_Games_-_An_Overview},
    urldate = {2019-08-21},
}

@inproceedings{flores:2008:IPM:1501750.1501839,
    author = {Flores, Eletha and Tobon, Gabriel and Cavallaro, Ettore and Cavallaro, Francesca I. and Perry, Joel C. and Keller, Thierry},
    title = {Improving Patient Motivation in Game Development for Motor Deficit Rehabilitation},
    booktitle = {Proceedings of the 2008 International Conference on Advances in Computer Entertainment Technology},
    series = {ACE '08},
    year = {2008},
    isbn = {978-1-60558-393-8},
    pages = {381--384},
    numpages = {4},
    url = {http://doi.acm.org/10.1145/1501750.1501839},
    doi = {10.1145/1501750.1501839},
    acmid = {1501839},
    publisher = {ACM},
    address = {New York, NY, USA},
} 

@article{burke:2009:optimising,
    author = {Burke, James and D. J. McNeill, M and Charles, Darryl and Morrow, Philip and H. Crosbie, J and Mcdonough, Suzanne},
    year = {2009},
    month = {12},
    pages = {1085-1099},
    title = {Optimising engagement for stroke rehabilitation using serious games},
    volume = {25},
    journal = {The Visual Computer},
    doi = {10.1007/s00371-009-0387-4}
}

@article{michael:2006:educate,
    author = {R. Michael, David and L. Chen, Sandra},
    year = {2006},
    month = {01},
    title = {Serious Games: Games That Educate, Train, and Inform},
    isbn = {1592006221},
    publisher={Thomson Course Technology}
}

@article{cameirao:2011:virtual_reality,
    author = {Cameirão, Mónica and Bermúdez i Badia, Sergi and Duarte, Esther and Verschure, Paul},
    year = {2011},
    month = {05},
    pages = {287-98},
    title = {Virtual reality based rehabilitation speeds up functional recovery of the upper extremities after stroke: A randomized controlled pilot study in the acute phase of stroke using the Rehabilitation Gaming System},
    volume = {29},
    journal = {Restorative neurology and neuroscience},
    doi = {10.3233/RNN-2011-0599}
}

@article{mainetti:2013:duckneglect,
    author = {Mainetti, Renato and Sedda, Anna and Ronchetti, M and Bottini, G and Borghese, Alberto},
    year = {2013},
    month = {03},
    pages = {97-111},
    title = {Duckneglect: Video-games based neglect rehabilitation},
    volume = {21},
    journal = {Technology and health care : official journal of the European Society for Engineering and Medicine},
    doi = {10.3233/THC-120712}
}

@Inbook{gunasekera:2005:rehabilitation,
    author={Gunasekera, W. S. Lal
    and Bendall, June",
    editor="Moore, Anne J.
    and Newell, David W.},
    title={Rehabilitation of Neurologically Injured Patients},
    bookTitle={Neurosurgery: Principles and Practice},
    year={2005},
    publisher={Springer London},
    address={London},
    pages={407--421},
    isbn={978-1-84628-051-1},
    doi={10.1007/1-84628-051-6_23},
    url={https://doi.org/10.1007/1-84628-051-6_23}
}

@article{wouters:2009:practices,
    author = {Wouters, P.J.M. and Spek, E.D. and Oostendorp, H.},
    year = {2009},
    month = {01},
    title = {Current practices in serious game research: A review from a learning outcome perspective},
    journal = {Games-Based Learning Advancements for Multi-Sensory Human Computer Interfaces: Techniques and Effective Practices},
    doi = {10.4018/978-1-60566-360-9.ch014}
}

@article{connolly:2012:systematic,
    author = {Connolly, Thomas and Boyle, Elizabeth and Macarthur, Ewan and Hainey, Thomas and Boyle, James},
    year = {2012},
    month = {09},
    pages = {661 – 686},
    title = {A systemic literature review of empirical evidence on computer games and serious games},
    volume = {59},
    journal = {Computers \& Education},
    doi = {10.1016/j.compedu.2012.03.004}
}

@article{world:2003:adherence,
    title={Adherence to long-term therapies: evidence for action},
    author={World Health Organization and others},
    year={2003},
    publisher={Geneva: World Health Organization}
}

% state of the art
@Online{stroke_patients_receive_home_rehabilitation:2016,
    title   = {Häusliche Rehabilitation nach Schlaganfall},
    url     = {https://cordis.europa.eu/project/rcn/105318/brief/de},
    urldate = {2019-09-01},
    year    = {2016}
}

@Online{rehab@home:2016,
    title   = {Final Report Summary - REHAB@HOME (Engaging Game-based Home Rehabilitation for Improved Quality of Life)},
    url     = {https://cordis.europa.eu/project/rcn/105318/reporting/de},
    urldate = {2019-09-01},
    year    = {2016}
}

@Online{figures:rehab@home:2016,
    title   = {The List of Figures and Tables of the Summary of the Final Project Report},
    url     = {https://cordis.europa.eu/docs/results/306/306113/final1-list-of-figures-and-tabels-mentioned-in-the-summary.pdf
    },
    urldate = {2019-09-01},
}

% gardener
@InProceedings{miesenberger:2014:gardener,
    author={Ny{\'e}ki, {\'A}gnes
    and Szucs, Veronika
    and Csuti, P{\'e}ter
    and Szab{\'o}, Ferenc
    and Lanyi, Cecilia Sik},
    editor={Miesenberger, Klaus
    and Fels, Deborah
    and Archambault, Dominique
    and Pe{\v{n}}{\'a}z, Petr
    and Zagler, Wolfgang},
    title={'Gardener'' Serious Game for Stroke Patients},
    booktitle={Computers Helping People with Special Needs},
    year={2014},
    publisher={Springer International Publishing},
    address={Cham},
    pages={272--275},
    isbn={978-3-319-08596-8},
    url = {https://link.springer.com/content/pdf/10.1007%2F978-3-319-08596-8.pdf},
    urldate = {2019-09-01}
}

%agar
@INPROCEEDINGS{funabashi:agar:2017, 
    author      = {A. M. M. {Funabashi} and R. V. {Aranha} and T. D. {Silva} and C. B. M. {Monteiro} and W. S. {Silva} and F. L. S. {Nunes}}, 
    booktitle   = {2017 19th Symposium on Virtual and Augmented Reality (SVR)}, 
    title       = {AGaR: A VR Serious Game to Support the Recovery of Post-Stroke Patients}, 
    year        = {2017}, 
    pages       = {279-288}, 
    doi         = {10.1109/SVR.2017.15}, 
    month       = {11}
}

%rehalabyrinth
@INPROCEEDINGS{baranyi:reha_labyrinth:2013, 
    author      = {R. {Baranyi} and R. {Willinger} and N. {Lederer} and T. {Grechenig} and W. {Schramm}}, 
    booktitle   = {2013 IEEE 2nd International Conference on Serious Games and Applications for Health (SeGAH)}, 
    title       = {Chances for serious games in rehabilitation of stroke patients on the example of utilizing the Wii Fit Balance Board}, 
    year        = {2013}, 
    pages       = {1-7}, 
    doi         = {10.1109/SeGAH.2013.6665319}, 
    month       = {05}
}

%robigame
@INPROCEEDINGS{heins:2017:robigame,
    author={S. {Heins} and S. {Dehem} and V. {Montedoro} and B. {Dehez} and M. {Edwards} and G. {Stoquart} and F. {Rocca} and P. H. {De Deken} and M. {Mancas} and T. {Lejeune}},
    booktitle={2017 IEEE 5th International Conference on Serious Games and Applications for Health (SeGAH)},
    title={Robotic-assisted serious game for motor and cognitive post-stroke rehabilitation},
    year={2017},
    pages={1-8},
    month={04}
}

% usability
@BOOK{richter:2013:usability,
    title         = {Usability Engineering kompakt: benutzbare Produkte gezielt entwickeln},
    author        = {Richter, Michael and Fl{\"u}ckiger, Markus D},
    year          = {2013},
    publisher     = {Springer},
    url           = {https://link.springer.com/book/10.1007%2F978-3-8274-2329-0},
    urldate       = {2019-09-03},
    isbn          = {978-3-8274-2328-3}
}

@book{nielsen:1993:usability,
    title       = {Usability engineering},
    author      = {Nielsen, Jakob},
    year        = {1993},
    publisher   = {Elsevier},
    url         = {https://proquest.tech.safaribooksonline.de/book/web-development/usability/9780125184069/firstchapter},
    urldate     = {2019-09-03},
}

% development

% planning
@BOOK{booch:1999:uml,
    author    = {Booch, Grady and Rumbaugh, James and Jacobson, Ivar},
    title     = {Das UML Benutzerhandbuch},
    publisher = {Addison-Wesley Verlag},
    year      = {2007},
    edition   = {1}, 
    isbn      = {978-3827325709},
}

@InBook{goll:2011:methods_architectures,
    title      = {Methoden und Architekturen der Softwaretechnik},
    author     = {Goll Joachim},
    chapter    = {8},
    pages      = {258--261},
    publisher  = {Vieweg+Teubner Verlag},
    year       = {2011},
    edition    = {1},
    url        = {https://link.springer.com/book/10.1007/978-3-8348-8164-9},
    urldate    = {2019-08-18},
    isbn       = {978-3-8348-1578-1}
}

% technolgies
@Online{oasis:2010:homepage,
    title = {Organization for the advancement of structured information standards},
    author = {Oasis},
    url = {http://www.oasis-open.org},
    urldate = {2017-01-16},
    year    = {2010}
}

@Online{morris:javascript:2019,
    title        = {Tech 101: What is JavaScript?},
    author       = {Scott Morris},
    url          = {https://skillcrush.com/2012/04/05/javascript/},
    urldate      = {2019-07-05},
    year         = {2019},
    month        = {3}
}
@Online{grady:language_popularity:2019,
    title        = {The RedMonk Programming Language Rankings: June 2019},
    author       = {Stephen O'Grady},
    url          = {https://redmonk.com/sogrady/2019/07/18/language-rankings-6-19/?utm_source=rss&utm_medium=rss&utm_campaign=language-rankings-6-19},
    urldate      = {2019-08-22},
    year         = {2019},
    month        = {7}
}
@Online{lease:typescript:2019,
    title   = {TypeScript: What is it \& when is it useful?},
    author  = {Diana Lease},
    url     = {https://medium.com/front-end-weekly/typescript-what-is-it-when-is-it-useful-c4c41b5c4ae7},
    urldate = {2019-07-05},
    year    = {2018},
    month = {1}
}
@Online{nodejs:2013,
    title        = {Node.js: Das JavaScript-Framework im Überblick},
    author       = {Sebastian Springer},
    url          = {https://t3n.de/magazin/serverseitige-javascript-entwicklung-nodejs-einsatz-231152/},
    urldate      = {2019-08-12},
    year         = {2013},
    month        = {3}
}
@Online{express:2019,
    title        = {Fast, unopinionated, minimalist web framework for Node.js},
    url          = {https://expressjs.com/},
    urldate      = {2019-07-05}
}
@Online{ionic:2019,
    title        = {What is Ionic Framework?},
    url          = {https://ionicframework.com/docs/intro},
    urldate      = {2019-07-05},
    year         = {2019},
    month        = {1}
}
@Online{goel:angular:2019,
    title        = {Why should you learn Angular in 2019?},
    author       = {Amen Goel},
    url          = {https://hackr.io/blog/why-should-you-learn-angular-in-2019},
    urldate      = {2019-08-12},
    month        = {7},
    year         = {2019}
}
@Online{krukowski:angular:2019,
    title        = {Angular Introduction: What It Is, and Why You Should Use It},
    month        = {3},
    year         = {2018},
    url          = {https://www.sitepoint.com/angular-introduction/},
    urldate      = {2019-08-12}
}
@Online{android:2019,
    title        = {What Is Google Android?},
    url          = {https://www.lifewire.com/what-is-google-android-1616887},
    urldate      = {2019-08-12},
    month        = {5},
    year         = {2019}
}
@Online{android:distribution:2019,
    title        = {Anteile der verschiedenen Android-Versionen an allen Geräten mit Android OS weltweit im Zeitraum 01. bis 07. Mai 2019},
    author       = {Statista},
    url          = {https://de.statista.com/statistik/daten/studie/180113/umfrage/anteil-der-verschiedenen-android-versionen-auf-geraeten-mit-android-os/},
    urldate      = {2019-08-22},
    year         = {2019}
}
@Online{android:marketshare:2019,
    title       = {Mobile Operating System Marketing Share Worldwide},
    url         = {https://gs.statcounter.com/os-market-share/mobile/worldwide},
    urldate     = {2019-08-12}
}
@Online{mysql:2019,
    title       = {MySQL Reference Manual},
    url         = {https://dev.mysql.com/doc/refman/5.7/en},
    urldate     = {2019-08-12}
}

% material design
@Online{material-design:introduction:2020,
    title       = {Introduction Material dDesign},
    url         = {https://material.io/design/introduction/},
    urldate     = {2020-04-11}
}
@Online{material-design:appbar:2020,
    title       = {App bars: top - Material Design},
    url         = {https://material.io/components/app-bars-top/},
    urldate     = {2020-04-11}
}